<?xml version="1.0" encoding="UTF-8"?><record xmlns="http://www.loc.gov/MARC21/slim" xmlns:cinclude="http://apache.org/cocoon/include/1.0" xmlns:zs="http://www.loc.gov/zing/srw/">
  <leader>00705cz  a2200157n  4500</leader>
  <controlfield tag="001">n  88055136 </controlfield>
  <controlfield tag="003">DLC</controlfield>
  <controlfield tag="005">20060606115524.0</controlfield>
  <controlfield tag="008">881107n| acannaab           |a aaa      </controlfield>
  <datafield tag="010" ind1=" " ind2=" ">
    <subfield code="a">n  88055136 </subfield>
  </datafield>
  <datafield tag="040" ind1=" " ind2=" ">
    <subfield code="a">DLC</subfield>
    <subfield code="c">DLC</subfield>
    <subfield code="d">DLC</subfield>
  </datafield>
  <datafield tag="100" ind1="1" ind2="0">
    <subfield code="a">Shteĭnberg, A. I︠A︡.</subfield>
    <subfield code="q">(Aleksandr I︠A︡kovlevich)</subfield>
  </datafield>
  <datafield tag="400" ind1="1" ind2="0">
    <subfield code="a">Shteĭnberg, Aleksandr I︠A︡kovlevich</subfield>
  </datafield>
  <datafield tag="400" ind1="1" ind2=" ">
    <subfield code="a">Shteynberg, Alexander</subfield>
  </datafield>
  <datafield tag="670" ind1=" " ind2=" ">
    <subfield code="a">His Solnt︠s︡ezashchita zdaniĭ, 1986:</subfield>
    <subfield code="b">t.p. (A. I︠A︡. Shteĭnberg) verso t.p. (Aleksandr I︠A︡kovlevich Shteĭnberg)</subfield>
  </datafield>
  <datafield tag="670" ind1=" " ind2=" ">
    <subfield code="a">Liki velikikh, 2002:</subfield>
    <subfield code="b">t.p. (Aleksandr Shteĭnberg) t.p. verso (Alexander Shteynberg [in rom.]) p. 4 of cover (architect, painter, has lived in the USA since 1992)</subfield>
  </datafield>
</record>